@online{site:pwa-mdn,
    title   = {Progressive Web App},
    url     = {https://developer.mozilla.org/en-US/docs/Web/Progressive_web_apps}
}

@online{site:filiera-produttiva-treccani,
    title   = {Filiera produttiva},
    url     = {https://www.treccani.it/enciclopedia/filiera-produttiva/}
}

@online{site:b2b-treccani,
    title   = {Business to business},
    url     = {https://www.treccani.it/enciclopedia/b2b_%28Lessico-del-XXI-Secolo%29/}
}

@online{site:qc-not-treccani,
    title   = {Controllo qualità},
    url     = {https://www.teknoring.com/wikitecnica/tecnologia/controllo-di-qualita/}
}

@online{site:digital-asset-wiki,
    title   = {Digital asset},
    url     = {https://en.wikipedia.org/wiki/Digital_asset}
}

@online{site:dam-not-treccani,
    title   = {Digital asset management},
    url     = {https://onpage.it/differenza-tra-pim-e-dam-per-aziende/}
}

@online{site:erp-wiki,
    title   = {Enterprise resource planning},
    url     = {https://it.wikipedia.org/wiki/Enterprise_resource_planning}
}

@online{site:innovazione-treccani,
    title   = {Innovazione},
    url     = {https://www.treccani.it/enciclopedia/innovazione_(Dizionario-delle-Scienze-Fisiche)/}
}

@online{site:mes-wiki,
    title   = {Manufacturing execution system},
    url     = {https://it.wikipedia.org/wiki/Manufacturing_Execution_System}
}

@online{site:realta-aumentata-treccani,
    title   = {Realtà aumentata},
    url     = {https://www.treccani.it/enciclopedia/realta-aumentata_%28Lessico-del-XXI-Secolo%29/}
}